@book{Nisan:2007:AGT:1296179,
 author = {Nisan, Noam and Roughgarden, Tim and Tardos, Eva and Vazirani, Vijay V.},
 title = {Algorithmic Game Theory},
 year = {2007},
 isbn = {0521872820},
 publisher = {Cambridge University Press},
 address = {New York, NY, USA},
} 

@book{Osborne01,
  author = {M. J. Osborne},
  title = {An introduction to  game theory},
  publisher = {Oxford University Press},
  year = {2001},
}


@inproceedings{Fabrikant:2003:NCG:872035.872088,
    author = {Fabrikant, Alex and Luthra, Ankur and Maneva, Elitza and Papadimitriou, Christos H. and Shenker, Scott},
    title = {On a Network Creation Game},
    booktitle = {Proceedings of the Twenty-second Annual Symposium on Principles of Distributed Computing},
    series = {PODC '03},
    year = {2003},
    isbn = {1-58113-708-7},
    location = {Boston, Massachusetts},
    pages = {347--351},
    numpages = {5},
    url = {http://doi.acm.org/10.1145/872035.872088},
    doi = {10.1145/872035.872088},
    acmid = {872088},
    publisher = {ACM},
    address = {New York, NY, USA},
    keywords = {Nash equilibria, distributed network design, game-theoretic models, price of anarchy},
} 

@article{Demaine:2012:PAN:2151171.2151176,
    author = {Demaine, Erik D. and Hajiaghayi, Mohammadtaghi and Mahini, Hamid and Zadimoghaddam, Morteza},
    title = {The Price of Anarchy in Network Creation Games},
    journal = {ACM Trans. Algorithms},
    issue_date = {April 2012},
    volume = {8},
    number = {2},
    month = apr,
    year = {2012},
    issn = {1549-6325},
    pages = {13:1--13:13},
    articleno = {13},
    numpages = {13},
    url = {http://doi.acm.org/10.1145/2151171.2151176},
    doi = {10.1145/2151171.2151176},
    acmid = {2151176},
    publisher = {ACM},
    address = {New York, NY, USA},
    keywords = {Nash equilibrium, Network design, price of anarchy, routing},
} 

@article{DBLP:journals/corr/abs-1112-4264,
    author    = {Davide Bil{\`{o}} and
               Luciano Gual{\`{a}} and
               Guido Proietti},
    title     = {Bounded-Distance Network Creation Games},
    journal   = {CoRR},
    volume    = {abs/1112.4264},
    year      = {2011},
    url       = {http://arxiv.org/abs/1112.4264},
    archivePrefix = {arXiv},
    eprint    = {1112.4264},
    timestamp = {Mon, 13 Aug 2018 16:48:28 +0200},
    biburl    = {https://dblp.org/rec/bib/journals/corr/abs-1112-4264},
    bibsource = {dblp computer science bibliography, https://dblp.org}
}

@article{DBLP:journals/siamdm/AlonDHL13,
    author    = {Noga Alon and
               Erik D. Demaine and
               Mohammad Taghi Hajiaghayi and
               Tom Leighton},
    title     = {Basic Network Creation Games},
    journal   = {{SIAM} J. Discrete Math.},
    volume    = {27},
    number    = {2},
    pages     = {656--668},
    year      = {2013}
}

@phdthesis{DBLP:phd/dnb/Lenzner14,
    author    = {Pascal Lenzner},
    title     = {On selfish network creation},
    school    = {Humboldt University of Berlin},
    year      = {2014},
    url       = {http://edoc.hu-berlin.de/dissertationen/lenzner-pascal-2014-05-30/PDF/lenzner.pdf},
    urn       = {urn:nbn:de:kobv:11-100219085},
    timestamp = {Mon, 02 May 2016 17:54:17 +0200},
    biburl    = {https://dblp.org/rec/bib/phd/dnb/Lenzner14},
    bibsource = {dblp computer science bibliography, https://dblp.org}
}

@article{DBLP:journals/corr/abs-1212-4797,
    author    = {Bernd Kawald and
               Pascal Lenzner},
    title     = {On Dynamics in Selfish Network Creation},
    journal   = {CoRR},
    volume    = {abs/1212.4797},
    year      = {2012},
    url       = {http://arxiv.org/abs/1212.4797},
    archivePrefix = {arXiv},
    eprint    = {1212.4797},
    timestamp = {Mon, 13 Aug 2018 16:46:52 +0200},
    biburl    = {https://dblp.org/rec/bib/journals/corr/abs-1212-4797},
    bibsource = {dblp computer science bibliography, https://dblp.org}
}

@TECHREPORT{17510185,
    author = {Alvarez, C. and Blesa, M. and Duch, A. and Messegue, A. and Serna, M.}
            ,
                year = {2015}
            ,
                month = {Jan}
            ,
                url = {http://hdl.handle.net/2117/83229}
            ,
                institution = {ALBCOM - Algorismia, Bioinformàtica, Complexitat i Mètodes Formals}
            ,
                title = {Stars and celebrities: A network creation game}
}

@ARTICLE{19311964,
    author = {Alvarez, C. and Blesa, M. and Duch, A. and Messegue, A. and Serna, M.}
            ,
                journal = {Theoretical computer science}
            ,
                year = {2016}
            ,
                month = {Oct}
            ,
                volume = {648}
            ,
                pages = {56--71}
            ,
                doi = {10.1016/j.tcs.2016.08.005}
            ,
                url = {http://hdl.handle.net/2117/98737; http://www.sciencedirect.com/science/article/pii/S0304397516303929}
            ,
                title = {Celebrity games}
}

@INPROCEEDINGS{19377768,
    author = {Alvarez, C. and Messegue, A.}
            ,
                year = {2016}
            ,
                month = {Dec}
            ,
                pages = {88--99}
            ,
                doi = {10.1007/978-3-319-49787-7}
            ,
                url = {http://dx.doi.org/10.1007/978-3-319-49787-7_8}
            ,
                booktitle = {Workshop on Algorithms and Models for the Web Graph}
            ,
                title = {Max celebrity games}
}
