%% LaTeX2e file `mylocal.bib'
%% generated by the `filecontents' environment
%% from source `main' on 2020/04/17.
%%
@online{tuSalario,
  author = {WageIndicator Foundation},
  title = {TuSalario.es},
  year = 2019,
  url = {https://tusalario.es/},
  urldate = {2019-10-12}
}

@online{tuLuz,
  author = {Selectra Group},
  title = {{?`}Cu{\'a}nto vale el kilovatio hora de luz en Espa{\~n}a?},
  year = 2019,
  url = {https://tarifasgasluz.com/faq/precio-kwh},
  urldate = {2019-10-12}
}

@online{gene,
  author = {Generalitat de Catalunya},
  title = {Factor d'emissi{\'o} de l'energia el{\'`e}ctrica: el mix},
  year = 2019,
  url = {https://canviclimatic.gencat.cat/ca/actua/factors_demissio_associats_a_lenergia/},
  urldate = {2019-10-12}
}

@online{hostel,
  author = {HostelTur},
  title = {Air France lanza un calculador de emisiones de CO2},
  year = 2019,
  url = {https://www.hosteltur.com/44347_air-france-lanza-calculador-emisiones-co2.html},
  urldate = {2019-10-12}
}

@inproceedings{Morton1966ACO,
  title={A computer oriented geodetic data base and a new technique in file sequencing},
  author={G. H. Morton},
  year={1966}
}

@misc{lindbloom_2017,
 title={RGB/XYZ Matrices},
 url={http://www.brucelindbloom.com/index.html?Eqn_RGB_XYZ_Matrix.html},
 journal={Welcome to Bruce Lindbloom's Web Site},
 publisher={Bruce Lindbloom},
 author={Lindbloom, Bruce Justin},
 year={2017},
 month={Apr}
}

