%% LaTeX2e file `local.bib'
%% generated by the `filecontents' environment
%% from source `main' on 2019/10/12.
%%
@online{tuSalario,
  author = {WageIndicator Foundation},
  title = {TuSalario.es},
  year = 2019,
  url = {https://tusalario.es/},
  urldate = {2019-10-12}
}
