%% LaTeX2e file `mylocal.bib'
%% generated by the `filecontents' environment
%% from source `main' on 2019/10/13.
%%
@online{tuSalario,
  author = {WageIndicator Foundation},
  title = {TuSalario.es},
  year = 2019,
  url = {https://tusalario.es/},
  urldate = {2019-10-12}
}

@online{tuLuz,
  author = {Selectra Group},
  title = {{?`}Cu{\'a}nto vale el kilovatio hora de luz en Espa{\~n}a?},
  year = 2019,
  url = {https://tarifasgasluz.com/faq/precio-kwh},
  urldate = {2019-10-12}
}
